<collection xmlns="http://www.loc.gov/MARC21/slim">
<record>
  <leader>00911nam0a2200229 i 450 </leader>
  <controlfield tag="001">IT\ICCU\CNCE\000162</controlfield>
  <controlfield tag="005">20050503000000.0</controlfield>
  <datafield tag="012" ind1=" " ind2=" ">
    <subfield code="a">i.te stps dium ate- (C) 1538 (R)</subfield>
    <subfield code="2">fei</subfield>
  </datafield>
  <datafield tag="100" ind1=" " ind2=" ">
    <subfield code="a">19970101d1538        0itac0103    ba</subfield>
  </datafield>
  <datafield tag="101" ind1=" " ind2=" ">
    <subfield code="a">LAT</subfield>
  </datafield>
  <datafield tag="102" ind1=" " ind2=" ">
    <subfield code="a">IT</subfield>
  </datafield>
  <datafield tag="200" ind1="1" ind2=" ">
    <subfield code="a">Ad paragraphum cum ita quinquaginta heredes mei fratres ad Trebelleianum breuis sed subtilissima interpretatio</subfield>
  </datafield>
  <datafield tag="210" ind1=" " ind2=" ">
    <subfield code="a">Venetiis</subfield>
    <subfield code="c">ex impressione de Tortis</subfield>
    <subfield code="d">1538</subfield>
  </datafield>
  <datafield tag="215" ind1=" " ind2=" ">
    <subfield code="a">7 c.</subfield>
    <subfield code="d">fol</subfield>
  </datafield>
  <datafield tag="620" ind1=" " ind2=" ">
    <subfield code="a">IT</subfield>
    <subfield code="d">Venezia</subfield>
  </datafield>
  <datafield tag="700" ind1=" " ind2="1">
    <subfield code="a">Accoramboni,</subfield>
    <subfield code="b">Fabio</subfield>
    <subfield code="3">IT\ICCU\CNCA\000433</subfield>
  </datafield>
  <datafield tag="712" ind1="0" ind2="0">
    <subfield code="a">Torti, Luigi</subfield>
    <subfield code="3">IT\ICCU\CNCT\000102</subfield>
    <subfield code="4">650</subfield>
  </datafield>
  <datafield tag="791" ind1="0" ind2="0">
    <subfield code="a">De_Tortis, Alvise</subfield>
    <subfield code="3">IT\ICCU\CNCT\004134</subfield>
    <subfield code="z">Torti, Luigi</subfield>
  </datafield>
  <datafield tag="791" ind1="0" ind2="0">
    <subfield code="a">Torto, Alvise</subfield>
    <subfield code="3">IT\ICCU\CNCT\005593</subfield>
    <subfield code="z">Torti, Luigi</subfield>
  </datafield>
  <datafield tag="791" ind1="0" ind2="0">
    <subfield code="a">Tortis, Aluvixio de</subfield>
    <subfield code="3">IT\ICCU\CNCT\005594</subfield>
    <subfield code="z">Torti, Luigi</subfield>
  </datafield>
  <datafield tag="801" ind1=" " ind2="3">
    <subfield code="a">IT</subfield>
    <subfield code="b">ICCU</subfield>
    <subfield code="c">20201113</subfield>
  </datafield>
  <datafield tag="899" ind1=" " ind2=" ">
    <subfield code="a">Biblioteca del comune e dell&apos;Accademia etrusca. Cortona</subfield>
    <subfield code="1">AR0034</subfield>
    <subfield code="2">RT1 QE</subfield>
  </datafield>
</record>
</collection>
